@InBook{HackHandbook,
	author = {GUPTA, Aditya},
	title = {The IoT Hacker's Handbook: A Practical Guide to Hacking the
    Internet of Things},
	chapter = {Reasons for IoT Security Vulnerabilities},
	publisher = {Addison-Wesley},
	address = {Boston, MA, USA},
	year = {2019},
	edition = {1},
	pages = {14\,--\,16},
	ISBN = {978-1-4842-4299-5},
}

@InBook{IoTPaP,
    author = {BUYYA, Rajkumar and DASTJERDI, Amir Vahid},
    title = {Internet of Things: Principles and Paradigms},
    chapter = {Internet Of Things: An Overview},
    year = {2016},
    isbn = {978-0-12-805395-9},
    publisher = {Morgan Kaufmann Publishers Inc.},
    address = {San Francisco, CA, USA},
    edition = {1st},
    pages = {15-18},
}
@ARTICLE{Agro,
    author={M. {TANEJA} and N. {JALODIA} and P. {MALONE} and J. {BYABAZAIRE} and A. {DAVY} and C. {OLARIU}},  
    journal={IEEE Internet of Things Magazine},  
    title={Connected Cows: Utilizing Fog and Cloud Analytics toward Data-Driven Decisions for Smart Dairy Farming},
    year={2019}, 
    volume={2},
    number={4},
    pages={32\,--\,37},  
    ISSN={2576-3180}, 
    month={December},
}

@ARTICLE{IIoT,  
    author={S. {VITTURI} and C. {ZUNINO} and T. {SAUTER}}, 
    journal={Proceedings of the IEEE}, 
    title={Industrial Communication Systems and Their Future Challenges: Next-Generation Ethernet, IIoT, and 5G},
    year={2019},
    volume={107}, 
    number={6}, 
    pages={944-961},  
}

@MastersThesis{Urbanovsky2018,
    author = {URBANOVSKÝ, Jozef},
    type = " Bakalářská práce",
    title = "Bezpečnost a útoky v prostředí IoT",
    school = " Vysoké učení technické v Brně, Fakulta informačních technologií ",
    year = 2018,
    location = "Brno, CZ",
    language = "czech",
    url = "https://www.fit.vut.cz/study/thesis/21256/"
}

@MastersThesis{Krajc2019,
    author = {KRAJČ, Patrik},
    type = "Bakalářská práce",
    title = "Bezpečnostní monitorování komunikace domácích IoT sítí",
    school = "Vysoké učení technické v Brně, Fakulta informačních technologií",
    year = 2019,
    location = "Brno, CZ",
    language = "czech",
    url = "https://www.fit.vut.cz/study/thesis/21957/"
}

@Misc{Lewandowski2019, 
    title={IoT vs. IIoT - Differences between Consumer Products and Industrial Systems},
    url={https://www.swms.de/en/blog/iot-vs-iiot-differences/},
    author={LEWANDOWSKI, Marco}, 
    howpublished = {[Online; navštívené 17.04.2021]},
    year={ 17. novemeber 2019}, } 

@Misc{Sedlacek2019,
    title={Čo je to internet vecí (IoT) a ako táto "sústava" zariadení vôbec funguje?},
    url={https://vosveteit.sk/co-je-to-internet-veci-iot-a-ako-tato-sustava\\-zariadeni-vobec-funguje/}, journal={Vosveteit.sk}, 
    author={SEDLÁČEK, Tomáš}, 
    howpublished = {[Online; navštívené 17.04.2021]},
    year={ 17. november 2019}, } 

@Misc{Harvey2021,
    title={85 Top IoT Devices}, 
    url={https://www.datamation.com/mobile/85-top-iot-devices/},
    author={HARVEY, Cynthia},
    howpublished = {[Online; navštívené 17.04.2021]},
    year={ 24. marec 2021},
 } 

@Proceedings{IEEE,
    editor = {Rath VANNITHAMBY},
    publisher = {IEEE},
    title = {IEEE Internet of Things Magazine},
    issn = "2576-3180",
    year = {2018- , Vychádza štvťročne},
    address = "USA",
}
